<?xml version="1.0" encoding="UTF-8"?><collection xmlns="http://www.loc.gov/MARC21/slim"><record><leader>00789nam--2200193-i-4500</leader><controlfield tag="001">000042158</controlfield><controlfield tag="002">20161230</controlfield><controlfield tag="005">20161230201043</controlfield><controlfield tag="008">060222s1000------------r-----000-0-eng-d</controlfield><datafield ind1=" " ind2=" " tag="020"><subfield code="a">0854981446</subfield></datafield><datafield ind1=" " ind2=" " tag="040"><subfield code="a">IFIN-HH</subfield></datafield><datafield ind1=" " ind2=" " tag="080"><subfield code="a">621.3.049.774:621.375.826:620.92:523.72:621.472</subfield></datafield><datafield ind1="1" ind2=" " tag="100"><subfield code="a">Weiss, H</subfield></datafield><datafield ind1="1" ind2="0" tag="245"><subfield code="a">Solid state devices, 1979</subfield><subfield code="b">Nine invited papers presented at the ninth european solid state device research conference (essderc) and the fourth symposium on solid state device techonology jeld at the technical universtiy of munich, 10-12 september 1979</subfield><subfield code="c">H. weiss (ed.)</subfield></datafield><datafield ind1=" " ind2=" " tag="260"><subfield code="a">Bristol</subfield><subfield code="b">The Institute Of Physics</subfield><subfield code="c">1980</subfield></datafield><datafield ind1=" " ind2=" " tag="300"><subfield code="a">153 P</subfield></datafield><datafield ind1=" " ind2=" " tag="490"><subfield code="a">The Institute Of Physics. Conference Series</subfield><subfield code="v">Number 53</subfield></datafield><datafield ind1=" " ind2=" " tag="852"><subfield code="a">70236</subfield><subfield code="c">539.2</subfield></datafield><datafield ind1=" " ind2=" " tag="CAT"><subfield code="a">Sys</subfield><subfield code="c">20121105</subfield><subfield code="h">145444</subfield></datafield></record></collection>